@PREAMBLE{ " \newcommand{\noop}[1]{} " }

@Article{	  AlbertsonParlange1999a,
  author	= {Albertson, John D. and Parlange, Marc B.},
  title		= {Surface length scales and shear stress: implications for
		  land--atmosphere interaction over complex terrain},
  journal	= {Water Resources Research},
  volume	= 35,
  pages		= {2121-2132},
  year		= 1999,
  doi		= {10.1029/1999wr900094},
  disambiguation= {a}
}

@Article{	  AlbertsonParlange1999b,
  author	= {Albertson, John D. and Parlange, Marc B.},
  title		= {Natural integration of scalar fluxes from complex
		  terrain},
  journal	= {Advances in Water Resources},
  volume	= 23,
  pages		= {239-252},
  year		= 1999,
  doi		= {10.1016/s0309-1708(99)00011-1},
  disambiguation= {b}
}

@InProceedings{	  BardinaFerzigerReynolds1980,
  author	= {Bardina, Jorge and Ferziger, Joel H. and Reynolds, William
		  C.},
  title		= {Improved subgrid-scale models for large-eddy simulation},
  booktitle	= {13th Fluid and PlasmaDynamics Conference},
  publisher	= {American Institute of Aeronautics and Astronautics},
  year		= 1980,
  doi		= {10.2514/6.1980-1357}
}

@Article{	  Bezanson+2017,
  title		= {Julia: A fresh approach to numerical computing},
  author	= {Bezanson, Jeff and Edelman, Alan and Karpinski, Stefan and
		  Shah, Viral B},
  journal	= {SIAM Review},
  volume	= 59,
  pages		= {65-98},
  year		= 2017,
  doi		= {10.1137/141000671}
}

@Article{	  BouZeidMeneveauParlange2005,
  author	= {Elie Bou-Zeid and Charles Meneveau and Marc B. Parlange},
  title		= {A Scale-Dependent {L}agrangian Dynamic Model for Large
		  Eddy Simulation of Complex Turbulent Flows},
  journal	= {Physics of Fluids},
  volume	= 17,
  pages		= 025105,
  year		= 2005,
  doi		= {10.1063/1.1839152}
}

@Article{	  Chen+2014,
  author	= {Chen, Goong and Xiong, Qingang and Morris, Phillip J. and
		  Paterson, Eric G. and Sergeev, Alexey and Wang, Yi-Ching},
  title		= {{OpenFOAM} for computational fluid dynamics},
  journal	= {Notices of the American Mathematical Society},
  volume	= 61,
  pages		= 354,
  year		= 2014,
  doi		= {10.1090/noti1095}
}

@Article{	  ChesterMeneveauParlange2007,
  author	= {Chester, Stuart and Meneveau, Charles and Parlange, Marc
		  B.},
  title		= {Modeling turbulent flow over fractal trees with
		  renormalized numerical simulation},
  journal	= {Journal of Computational Physics},
  volume	= 225,
  pages		= {427-448},
  year		= 2007,
  doi		= {10.1016/j.jcp.2006.12.009}
}

@Article{	  Chorin1968,
  author	= {Chorin, Alexandre Joel},
  title		= {Numerical solution of the {N}avier--{S}tokes equations},
  journal	= {Mathematics of Computation},
  volume	= 22,
  pages		= {745-762},
  year		= 1968,
  doi		= {10.1090/s0025-5718-1968-0242392-2}
}

@Article{	  Deardorff1969,
  title		= {Similarity Principles for Numerical Integrations of
		  Neutral Barotropic Planetary Boundary Layers and Channel
		  Flows},
  author	= {James Warner Deardorff},
  journal	= {Journal of Atmospheric Sciences},
  volume	= 26,
  pages		= {763-767},
  year		= 1969,
  doi		= {10.1175/1520-0469(1969)026<0763:SPFNIO>2.0.CO;2}
}

@Article{	  Deardorff1970a,
  title		= {A Three-dimensional Numerical Investigation of the
		  Idealized Planetary Boundary Layer},
  author	= {James Warner Deardorff},
  journal	= {Geophysical Fluid Dynamics},
  volume	= 1,
  pages		= {377-410},
  year		= 1970,
  doi		= {10.1080/03091927009365780},
  disambiguation= {a}
}

@Article{	  Deardorff1970b,
  title		= {A numerical study of three-dimensional turbulent channel
		  flow at large {R}eynolds numbers},
  author	= {James Warner Deardorff},
  journal	= {Journal of Fluid Mechanics},
  volume	= 41,
  pages		= {453-480},
  year		= 1970,
  doi		= {10.1017/S0022112070000691},
  disambiguation= {b}
}

@Article{	  DelAlamoJimenez2003,
  author	= {del {\'A}lamo, Juan C. and Jim{\'e}nez, Javier},
  title		= {Spectra of the very large anisotropic scales in turbulent
		  channels},
  journal	= {Physics of Fluids},
  volume	= 15,
  pages		= {L41},
  year		= 2003,
  doi		= {10.1063/1.1570830}
}

@Book{		  FerzigerPericStreet2020,
  author	= {Ferziger, Joel H. and Peri{\'c}, Milovan and Street,
		  Robert L.},
  title		= {Computational methods for fluid dynamics},
  year		= 2020,
  publisher	= {Springer Nature Switzerland AG},
  edition	= {Fourth},
  doi		= {10.1007/978-3-319-99693-6}
}

@Article{	  FrigoJohnson2005,
  author	= {Frigo, Mattteo and Johnson, Steven G.},
  title		= {The design and implementation of {FFTW3}},
  journal	= {Proceedings of the IEEE},
  volume	= 93,
  pages		= {216-231},
  year		= 2005,
  doi		= {10.1109/jproc.2004.840301}
}

@Article{	  Germano+1991,
  author	= {Massimo Germano and Ugo Piomelli and Parviz Moin and
		  William H. Cabot},
  title		= {A dynamic subgrid-scale eddy viscosity model},
  journal	= {Physics of Fluids A: Fluid Dynamics},
  volume	= 3,
  pages		= {1760-1765},
  year		= 1991,
  doi		= {10.1063/1.857955}
}

@Article{	  GiacominiGiometto2021,
  author	= {Giacomini, Beatrice and Giometto, Marco G.},
  title		= {On the suitability of second-order accurate finite-volume
		  solvers for the simulation of atmospheric boundary layer
		  flow},
  journal	= {Geoscientific Model Development},
  volume	= 14,
  year		= 2021,
  pages		= {1409-1426},
  doi		= {10.5194/gmd-14-1409-2021}
}

@Article{	  Giometto+2016,
  author	= {Marco G. Giometto and Andreas Christen and Charles
		  Meneveau and Jiannong Fang and Manfred Krafczyk and Marc B.
		  Parlange},
  title		= {Spatial Characteristics of Roughness Sublayer Mean Flow
		  and Turbulence Over a Realistic Urban Surface},
  journal	= {Boundary-Layer Meteorology},
  volume	= 160,
  pages		= {425-452},
  year		= 2016,
  doi		= {10.1007/s10546-016-0157-6}
}

@Article{	  Giometto+2017a,
  author	= {Marco G. Giometto and Andreas Christen and Pascal E. Egli
		  and Manuel F. Schmid and Rory T. Tooke and Nicholas C.
		  Coops and Marc B. Parlange},
  title		= {Effects of Trees on Mean Wind, Turbulence and Momentum
		  Exchange Within and Above a Real Urban Environment},
  journal	= {Advances in Water Resources},
  volume	= 106,
  pages		= {154-168},
  year		= 2017,
  doi		= {10.1016/j.advwatres.2017.06.018},
  disambiguation= {a}
}

@Article{	  GottliebKetchesonShu2009,
  author	= {Gottlieb, Sigal and Ketcheson, David I. and Shu,
		  Chi-Wang},
  title		= {High order strong stability preserving time
		  discretizations},
  journal	= {Journal of Scientific Computing},
  volume	= 38,
  pages		= {251-289},
  year		= 2009,
  doi		= {10.1007/s10915-008-9239-z}
}

@Book{		  HairerNorsettWanner1993,
  author	= {Hairer, Ernst and N{\o}rsett, Syvert P. and Wanner,
		  Gerhard},
  title		= {Solving Ordinary Differential Equations {I}},
  subtitle	= {Nonstiff Problems},
  series	= {Springer Series in Computational Mathematics},
  year		= 1993,
  edition	= {Second},
  publisher	= {Springer-Verlag Berlin},
  address	= {Heidelberg},
  doi		= {10.1007/978-3-540-78862-1}
}

@Article{	  KimMoinMoser1987,
  author	= {John Kim and Parviz Moin and Robert D. Moser},
  title		= {Turbulence Statistics in Fully Developed Channel Flow At
		  Low {R}eynolds Number},
  journal	= {Journal of Fluid Mechanics},
  volume	= 177,
  pages		= 133,
  year		= 1987,
  doi		= {10.1017/s0022112087000892}
}

@Article{	  KravchenkoMoin1997,
  author	= {Kravchenko, Arthur G. and Moin, Parviz},
  title		= {On the effect of numerical errors in large eddy
		  simulations of turbulent flows},
  journal	= {Journal of Computational Physics},
  volume	= 131,
  pages		= {310-322},
  year		= 1997,
  doi		= {10.1006/jcph.1996.5597}
}

@Article{	  LeeMoser2015,
  author	= {Myoungkyu Lee and Robert D. Moser},
  title		= {Direct Numerical Simulation of Turbulent Channel Flow Up
		  To ${Re}_\tau \approx 5200$},
  journal	= {Journal of Fluid Mechanics},
  volume	= 774,
  pages		= {395-415},
  year		= 2015,
  doi		= {10.1017/jfm.2015.268}
}

@Article{	  LiBouZeidAnderson2016,
  author	= {Qi Li and Elie Bou-Zeid and William Anderson},
  title		= {The Impact and Treatment of the {G}ibbs Phenomenon in
		  Immersed Boundary Method Simulations of Momentum and Scalar
		  Transport},
  journal	= {Journal of Computational Physics},
  volume	= 310,
  pages		= {237-251},
  year		= 2016,
  doi		= {10.1016/j.jcp.2016.01.013}
}

@Article{	  Margairaz+2018,
  author	= {Margairaz, Fabien and Giometto, Marco G. and Parlange,
		  Marc B. and Calaf, Marc},
  title		= {Comparison of dealiasing schemes in large-eddy simulation
		  of neutrally stratified atmospheric flows},
  journal	= {Geoscientific Model Development},
  volume	= 11,
  pages		= {4069-4084},
  year		= 2018,
  doi		= {10.5194/gmd-11-4069-2018}
}

@Article{	  Maronga+2020,
  author	= {Maronga, Bj{\"o}rn and Banzhaf, Sabine and Burmeister,
		  Cornelia and Esch, Thomas and Forkel, Renate and
		  Fr{\"o}hlich, Dominik and Fuka, Vladimir and Gehrke, Katrin
		  Frieda and Geleti{\v{c}}, Jan and Giersch, Sebastian and
		  Gronemeier, Tobias and Gro√ü, G{\"u}nter and Heldens, Wieke
		  and Hellsten, Antti and Hoffmann, Fabian and Inagaki,
		  Atsushi and Kadasch, Eckhard and Kanani-S{\"u}hring, Farah
		  and Ketelsen, Klaus and Khan, Basit Ali and Knigge,
		  Christoph and Knoop, Helge and Kr{\v{c}}, Pavel and Kurppa,
		  Mona and Maamari, Halim and Matzarakis, Andreas and Mauder,
		  Matthias and Pallasch, Matthias and Pavlik, Dirk and
		  Pfafferott, Jens and Resler, Jaroslav and Rissmann, Sascha
		  and Russo, Emmanuele and Salim, Mohamed and Schrempf,
		  Michael and Schwenkel, Johannes and Seckmeyer, Gunther and
		  Schubert, Sebastian and S{\"u}hring, Matthias and Von Tils,
		  Robert and Vollmer, Lukas and Ward, Simon and Witha,
		  Bj{\"o}rn and Wurps, Hauke and Zeidler, Julian and Raasch,
		  Siegfried},
  title		= {Overview of the {PALM} model system 6.0},
  journal	= {Geoscientific Model Development},
  volume	= 13,
  year		= 2020,
  pages		= {1335-1372},
  doi		= {10.5194/gmd-13-1335-2020}
}

@Article{	  MasonCallen1986,
  author	= {Mason, Paul J. and Callen, N. S.},
  title		= {On the magnitude of the subgrid-scale eddy coefficient in
		  large-eddy simulations of turbulent channel flow},
  journal	= {Journal of Fluid Mechanics},
  volume	= 162,
  pages		= {439-462},
  year		= 1986,
  doi		= {10.1017/s0022112086002112}
}

@Article{	  MasonThomson1992,
  title		= {Stochastic backscatter in large-eddy simulations of
		  boundary layers},
  author	= {Paul J. Mason and David J. Thomson},
  journal	= {Journal of Fluid Mechanics},
  volume	= 242,
  pages		= {51-78},
  year		= 1992,
  doi		= {10.1017/S0022112092002271}
}

@Article{	  MeneveauKatz2000,
  author	= {Charles Meneveau and Joseph Katz},
  title		= {Scale-Invariance and Turbulence Models for Large-Eddy
		  Simulation},
  journal	= {Annual Review of Fluid Mechanics},
  volume	= 32,
  pages		= {1-32},
  year		= 2000,
  doi		= {10.1146/annurev.fluid.32.1.1}
}

@Article{	  MeneveauLundCabot1996,
  author	= {Meneveau, Charles and Lund, Thomas S. and Cabot, William
		  H.},
  title		= {A {L}agrangian dynamic subgrid-scale model of turbulence},
  journal	= {Journal of Fluid Mechanics},
  volume	= 319,
  pages		= 353,
  year		= 1996,
  doi		= {10.1017/s0022112096007379}
}

@Article{	  Moeng1984,
  author	= {Moeng, Chin-Hoh},
  title		= {A large-eddy-simulation model for the study of planetary
		  boundary-layer turbulence},
  journal	= {Journal of the Atmospheric Sciences},
  volume	= 41,
  pages		= {2052-2062},
  year		= 1984,
  doi		= {10.1175/1520-0469(1984)041<2052:alesmf>2.0.co;2}
}

@Article{	  MoinKim1982,
  author	= {Moin, Parviz and Kim, John},
  title		= {Numerical investigation of turbulent channel flow},
  journal	= {Journal of Fluid Mechanics},
  volume	= 118,
  pages		= {341-377},
  year		= 1982,
  doi		= {10.1017/s0022112082001116}
}

@Article{	  MoinMahesh1998,
  author	= {Parviz Moin and Krishnan Mahesh},
  title		= {Direct Numerical Simulation: A Tool in Turbulence
		  Research},
  journal	= {Annual Review of Fluid Mechanics},
  volume	= 30,
  pages		= {539-578},
  year		= 1998,
  doi		= {10.1146/annurev.fluid.30.1.539}
}

@Article{	  MoinVerzicco2016,
  author	= {Moin, Parviz and Verzicco, Roberto},
  title		= {On the suitability of second-order accurate
		  discretizations for turbulent flow simulations},
  journal	= {European Journal of Mechanics - B/Fluids},
  volume	= 55,
  pages		= {242-245},
  year		= 2016,
  doi		= {10.1016/j.euromechflu.2015.10.006}
}

@Article{	  Orszag1969,
  author	= {Orszag, Steven A.},
  title		= {Numerical methods for the simulation of turbulence},
  journal	= {Physics of Fluids},
  volume	= 12,
  pages		= {II-250},
  year		= 1969,
  doi		= {10.1063/1.1692445}
}

@Article{	  Orszag1971a,
  author	= {Orszag, Steven A.},
  title		= {Numerical simulation of incompressible flows within simple
		  boundaries: accuracy},
  journal	= {Journal of Fluid Mechanics},
  volume	= 49,
  pages		= {75-112},
  year		= 1971,
  doi		= {10.1017/s0022112071001940},
  disambiguation= {a}
}

@Article{	  Orszag1971b,
  author	= {Orszag, Steven A.},
  title		= {Numerical simulation of incompressible flows within simple
		  boundaries. {I}. {G}alerkin (spectral) representations},
  journal	= {Studies in Applied Mathematics},
  volume	= 50,
  pages		= {293-327},
  year		= 1971,
  doi		= {10.1002/sapm1971504293},
  disambiguation= {b}
}

@Article{	  Orszag1972,
  author	= {Orszag, Steven A.},
  title		= {Comparison of pseudospectral and spectral approximation},
  journal	= {Studies in Applied Mathematics},
  volume	= 51,
  pages		= {253-259},
  year		= 1972,
  doi		= {10.1002/sapm1972513253}
}

@Book{		  Panton2013,
  author	= {Panton, Ronald L.},
  title		= {Incompressible Flow},
  year		= 2013,
  publisher	= {John Wiley \& Sons, Inc.},
  address	= {Hoboken, New Jersey},
  doi		= {10.1002/9781118713075}
}

@Article{	  PattersonOrszag1971,
  author	= {Patterson, Jr., G. Stuart and Orszag, Steven A.},
  title		= {Spectral calculations of isotropic turbulence: efficient
		  removal of aliasing interactions},
  journal	= {Physics of Fluids},
  volume	= 14,
  pages		= 2538,
  year		= 1971,
  doi		= {10.1063/1.1693365}
}

@Article{	  Perot1993,
  author	= {Perot, J. Blair},
  title		= {An analysis of the fractional step method},
  journal	= {Journal of Computational Physics},
  volume	= 108,
  pages		= {51-58},
  year		= 1993,
  doi		= {10.1006/jcph.1993.1162}
}

@Article{	  PiomelliBalaras2002,
  author	= {Piomelli, Ugo and Balaras, Elias},
  title		= {Wall-layer models for large-eddy simulations},
  journal	= {Annual Review of Fluid Mechanics},
  volume	= 34,
  pages		= {349-374},
  year		= 2002,
  doi		= {10.1146/annurev.fluid.34.082901.144919}
}

@Article{	  PorteAgelMeneveauParlange2000,
  author	= {Fernando Port{\'e}-Agel and Charles Meneveau and Marc B.
		  Parlange},
  title		= {A Scale-Dependent Dynamic Model for Large-Eddy Simulation:
		  Application To a Neutral Atmospheric Boundary Layer},
  journal	= {Journal of Fluid Mechanics},
  volume	= 415,
  pages		= {261-284},
  year		= 2000,
  doi		= {10.1017/s0022112000008776}
}

@Book{		  QuarteroniSaccoSaleri2007,
  author	= {Quarteroni, Alfio and Sacco, Riccardo and Saleri, Fausto},
  title		= {Numerical mathematics},
  year		= 2007,
  publisher	= {Springer New York},
  series	= {Texts in Applied Mathematics},
  doi		= {10.1007/b98885}
}

@Misc{		  Schmid+2023a,
  author	= {Manuel F. Schmid and Marco G. Giometto and Gregory A.
		  Lawrence and Marc B. Parlange},
  title		= {Data \& code for `{BoundaryLayerDynamics.jl v1.0}: a
		  modern codebase for atmospheric boundary-layer
		  simulations'},
  year		= 2023,
  publisher	= {Zenodo},
  doi		= {10.5281/zenodo.7954005},
  type		= {dataset}
}

@MastersThesis{	  Schmid2015,
  author	= {Manuel F. Schmid},
  month		= {Jun},
  school	= {Ecole Polytechnique F{\'e}d{\'e}rale de Lausanne},
  title		= {Resolution of the {G}ibbs Phenomenon for
		  {N}avier--{S}tokes Simulations},
  year		= 2015
}

@Misc{		  Schmid2023a,
  author	= {Schmid, Manuel F.},
  title		= {{BoundaryLayerDynamics.jl}: turbulence-resolving
		  simulations of boundary-layer flows},
  year		= 2023,
  publisher	= {Zenodo},
  version	= {0.7.0},
  doi		= {10.5281/zenodo.7853660},
  type		= {software}
}

@Article{	  Schumann1975,
  author	= {Schumann, Ulrich},
  title		= {Subgrid scale model for finite difference simulations of
		  turbulent flows in plane channels and annuli},
  journal	= {Journal of Computational Physics},
  volume	= 18,
  pages		= {376-404},
  year		= 1975,
  doi		= {10.1016/0021-9991(75)90093-5}
}

@Article{	  ScottiMeneveauLilly1993,
  author	= {Scotti, Alberto and Meneveau, Charles and Lilly, Douglas
		  K.},
  title		= {Generalized {S}magorinsky model for anisotropic grids},
  journal	= {Physics of Fluids A: Fluid Dynamics},
  volume	= 5,
  pages		= {2306-2308},
  year		= 1993,
  doi		= {10.1063/1.858537}
}

@Article{	  ShuOsher1988,
  author	= {Shu, Chi-Wang and Osher, Stanley},
  title		= {Efficient implementation of essentially non-oscillatory
		  shock-capturing schemes},
  journal	= {Journal of Computational Physics},
  volume	= 77,
  pages		= {439-471},
  year		= 1988,
  doi		= {10.1016/0021-9991(88)90177-5}
}

@TechReport{	  Skamarock+2021,
  author	= {Skamarock, William C. and Klemp, Joseph B. and Dudhia,
		  Jimy and Gill, David O. and Liu, Zhiquan and Berner, Judith
		  and Wang, Wei and Powers, Jordan G. and Duda, Michael G.
		  and Barker, Dale M. and Huang, Xiang-Yu},
  title		= {A description of the {A}dvanced {R}esearch {WRF} {V}ersion
		  4},
  institution	= {National Center for Atmospheric Research},
  series	= {NCAR Technical Notes},
  year		= 2021,
  pagetotal	= 148,
  doi		= {10.5065/1dfh-6p97}
}

@Article{	  Smagorinsky1963,
  author	= {Joseph Smagorinsky},
  title		= {General Circulation Experiments With The Primitive
		  Equations},
  journal	= {Monthly Weather Review},
  volume	= 91,
  pages		= {99-164},
  year		= 1963,
  doi		= {10.1175/1520-0493(1963)091<0099:gcewtp>2.3.co;2}
}

@Article{	  Stoll+2020,
  author	= {Stoll, Rob and Gibbs, Jeremy A. and Salesky, Scott T. and
		  Anderson, William and Calaf, Marc},
  title		= {Large-eddy simulation of the atmospheric boundary layer},
  journal	= {Boundary-Layer Meteorology},
  volume	= 177,
  pages		= {541-581},
  year		= 2020,
  doi		= {10.1007/s10546-020-00556-3}
}

@Article{	  Temam1969,
  author	= {Temam, Roger},
  title		= {Sur l'approximation de la solution des {\'e}quations de
		  {N}avier--{S}tokes par la m{\'e}thode des pas
		  fractionnaires ({II})},
  journal	= {Archive for Rational Mechanics and Analysis},
  volume	= 33,
  pages		= {377-385},
  year		= 1969,
  doi		= {10.1007/bf00247696}
}

@Article{	  Towns+2014,
  author	= {Towns, John and Cockerill, Timothy and Dahan, Maytal and
		  Foster, Ian and Gaither, Kelly and Grimshaw, Andrew and
		  Hazlewood, Victor and Lathrop, Scott and Lifka, Dave and
		  Peterson, Gregory D. and Roskies, Ralph and Scott, J. Ray
		  and Wilkins-Diehr, Nancy},
  title		= {{XSEDE}: accelerating scientific discovery},
  journal	= {Computing in Science \& Engineering},
  volume	= 16,
  pages		= {62-74},
  year		= 2014,
  doi		= {10.1109/mcse.2014.80}
}

@Article{	  Yue+2007a,
  author	= {Yue, Wusi and Parlange, Marc B. and Meneveau, Charles and
		  Zhu, Weihong and Van Hout, Ren{\'e} and Katz, Joseph},
  title		= {Large-eddy simulation of plant canopy flows using
		  plant-scale representation},
  journal	= {Boundary-Layer Meteorology},
  volume	= 124,
  pages		= {183-203},
  year		= 2007,
  doi		= {10.1007/s10546-007-9173-x},
  disambiguation= {a}
}

@Article{	  Yue+2008,
  author	= {Yue, Wusi and Meneveau, Charles and Parlange, Marc B. and
		  Zhu, Weihong and Kang, Hyung Suk and Katz, Joseph},
  title		= {Turbulent kinetic energy budgets in a model canopy:
		  comparisons between {LES} and wind-tunnel experiments},
  journal	= {Environmental Fluid Mechanics},
  volume	= 8,
  pages		= {73-95},
  year		= 2008,
  doi		= {10.1007/s10652-007-9049-0}
}
